@misc{algorytmion,
  author       = {dr inż. Mariusz Pleszczyński},
  title        = {Zadanie 5 - pasjans (zadanie finałowe edycji 2014/2015)},
  howpublished = {https://algorytmion.ms.polsl.pl/storage/files/Zadania2016.pdf}
}